@book{hu,
  title={Modern Semiconductor Devices for Integrated Circuits},
  author={Hu, Chenming Calvin},
  isbn={0-13-608525-3},
  publisher={Pearson},
  year={2010}
}

@book{pierret,
  title={Semiconductor Device Fundamentals},
  author={Pierret, Robert F.},
  isbn={0-201-54393-1},
  publisher={Addison-Wesley},
  year={1996}
}

@book{raz,
  title={Design of Analog CMOS Integrated Circuits, 2nd Edition},
  author={Razavi, Behzad},
  isbn={978-0-07252493-2},
  publisher={McGraw Hill},
  year={1996}
}

@book{ss,
  title={Microelectronic Circuits},
  author={Sedra, Adel S.},
  isbn={9780190853464},
  publisher={Oxford University Press},
  year={2020}
}
